@article{march1989rediscovering,
  title={Rediscovering institutions: The organizational basis of politics},
  author={March, James G. and Olsen, Johan P.},
  journal={Free Press},
  year={1989}
}

@article{chen2019cadres,
  title={Cadres and Capital: How Officials' Backgrounds Shape Local Industrial Policy},
  author={Chen, Jiakun Jack and Xu, Chenggang},
  journal={China Economic Review},
  volume={57},
  year={2019},
  pages={101--116}
}

@article{wu2022economic,
  title={Do Economic Backgrounds Shape Policy Priorities? Evidence from Chinese Mayors},
  author={Wu, Xiaoyu and Wang, Yifan},
  journal={Journal of Chinese Political Science},
  volume={27},
  year={2022},
  pages={123--145}
}

@article{liu2021text,
  title={Policy Orientation and Local Government Reports: A Text Mining Perspective},
  author={Liu, Ran and Zhang, Hao},
  journal={Chinese Public Administration Review},
  year={2021},
  volume={13},
  number={2},
  pages={112--130}
}

@article{devlin2018bert,
  title={BERT: Pre-training of Deep Bidirectional Transformers for Language Understanding},
  author={Devlin, Jacob and Chang, Ming-Wei and Lee, Kenton and Toutanova, Kristina},
  journal={arXiv preprint arXiv:1810.04805},
  year={2018}
}